%YAML 1.1
%TAG !u! tag:unity3d.com,2011:
--- !u!1 &1505442578987393351
GameObject:
  m_ObjectHideFlags: 0
  m_CorrespondingSourceObject: {fileID: 0}
  m_PrefabInstance: {fileID: 0}
  m_PrefabAsset: {fileID: 0}
  serializedVersion: 6
  m_Component:
  - component: {fileID: 2722110779587303026}
  - component: {fileID: 6846499907221611866}
  - component: {fileID: 4534823394673516528}
  - component: {fileID: 114408928193543802}
  m_Layer: 8
  m_Name: InstantGenerationCell
  m_TagString: Ground
  m_Icon: {fileID: 0}
  m_NavMeshLayer: 0
  m_StaticEditorFlags: 0
  m_IsActive: 1
--- !u!4 &2722110779587303026
Transform:
  m_ObjectHideFlags: 0
  m_CorrespondingSourceObject: {fileID: 0}
  m_PrefabInstance: {fileID: 0}
  m_PrefabAsset: {fileID: 0}
  m_GameObject: {fileID: 1505442578987393351}
  m_LocalRotation: {x: 0, y: 0, z: 0, w: 1}
  m_LocalPosition: {x: 0, y: 0, z: 0}
  m_LocalScale: {x: 1, y: 1, z: 1}
  m_Children:
  - {fileID: 4413940707658004415}
  m_Father: {fileID: 0}
  m_RootOrder: 0
  m_LocalEulerAnglesHint: {x: 0, y: 0, z: 0}
--- !u!212 &6846499907221611866
SpriteRenderer:
  m_ObjectHideFlags: 0
  m_CorrespondingSourceObject: {fileID: 0}
  m_PrefabInstance: {fileID: 0}
  m_PrefabAsset: {fileID: 0}
  m_GameObject: {fileID: 1505442578987393351}
  m_Enabled: 0
  m_CastShadows: 0
  m_ReceiveShadows: 0
  m_DynamicOccludee: 1
  m_MotionVectors: 1
  m_LightProbeUsage: 1
  m_ReflectionProbeUsage: 1
  m_RenderingLayerMask: 1
  m_RendererPriority: 0
  m_Materials:
  - {fileID: 10754, guid: 0000000000000000f000000000000000, type: 0}
  m_StaticBatchInfo:
    firstSubMesh: 0
    subMeshCount: 0
  m_StaticBatchRoot: {fileID: 0}
  m_ProbeAnchor: {fileID: 0}
  m_LightProbeVolumeOverride: {fileID: 0}
  m_ScaleInLightmap: 1
  m_PreserveUVs: 0
  m_IgnoreNormalsForChartDetection: 0
  m_ImportantGI: 0
  m_StitchLightmapSeams: 0
  m_SelectedEditorRenderState: 0
  m_MinimumChartSize: 4
  m_AutoUVMaxDistance: 0.5
  m_AutoUVMaxAngle: 89
  m_LightmapParameters: {fileID: 0}
  m_SortingLayerID: 0
  m_SortingLayer: 0
  m_SortingOrder: 0
  m_Sprite: {fileID: 10905, guid: 0000000000000000f000000000000000, type: 0}
  m_Color: {r: 1, g: 1, b: 1, a: 1}
  m_FlipX: 0
  m_FlipY: 0
  m_DrawMode: 0
  m_Size: {x: 0.16, y: 0.16}
  m_AdaptiveModeThreshold: 0.5
  m_SpriteTileMode: 0
  m_WasSpriteAssigned: 1
  m_MaskInteraction: 0
  m_SpriteSortPoint: 0
--- !u!65 &4534823394673516528
BoxCollider:
  m_ObjectHideFlags: 0
  m_CorrespondingSourceObject: {fileID: 0}
  m_PrefabInstance: {fileID: 0}
  m_PrefabAsset: {fileID: 0}
  m_GameObject: {fileID: 1505442578987393351}
  m_Material: {fileID: 0}
  m_IsTrigger: 1
  m_Enabled: 1
  serializedVersion: 2
  m_Size: {x: 0.10132953, y: 0.093042195, z: 0.2}
  m_Center: {x: -0.00748178, y: 0.004150793, z: 0}
--- !u!114 &114408928193543802
MonoBehaviour:
  m_ObjectHideFlags: 0
  m_CorrespondingSourceObject: {fileID: 0}
  m_PrefabInstance: {fileID: 0}
  m_PrefabAsset: {fileID: 0}
  m_GameObject: {fileID: 1505442578987393351}
  m_Enabled: 1
  m_EditorHideFlags: 0
  m_Script: {fileID: 11500000, guid: 476a7743e6b4029449e19c7755326066, type: 3}
  m_Name: 
  m_EditorClassIdentifier: 
--- !u!1001 &7043746443042439554
PrefabInstance:
  m_ObjectHideFlags: 0
  serializedVersion: 2
  m_Modification:
    m_TransformParent: {fileID: 2722110779587303026}
    m_Modifications:
    - target: {fileID: 4605460415974722815, guid: 822c6a020ca7b7b4bb16fc63a91de8aa,
        type: 3}
      propertyPath: m_Color.r
      value: 1
      objectReference: {fileID: 0}
    - target: {fileID: 4605460415974722815, guid: 822c6a020ca7b7b4bb16fc63a91de8aa,
        type: 3}
      propertyPath: m_Color.g
      value: 1
      objectReference: {fileID: 0}
    - target: {fileID: 4605460415974722815, guid: 822c6a020ca7b7b4bb16fc63a91de8aa,
        type: 3}
      propertyPath: m_Color.b
      value: 1
      objectReference: {fileID: 0}
    - target: {fileID: 6390239845172702868, guid: 822c6a020ca7b7b4bb16fc63a91de8aa,
        type: 3}
      propertyPath: m_Name
      value: SquareInstantCells
      objectReference: {fileID: 0}
    - target: {fileID: 6665641505423636029, guid: 822c6a020ca7b7b4bb16fc63a91de8aa,
        type: 3}
      propertyPath: m_LocalPosition.x
      value: 0
      objectReference: {fileID: 0}
    - target: {fileID: 6665641505423636029, guid: 822c6a020ca7b7b4bb16fc63a91de8aa,
        type: 3}
      propertyPath: m_LocalPosition.y
      value: 0
      objectReference: {fileID: 0}
    - target: {fileID: 6665641505423636029, guid: 822c6a020ca7b7b4bb16fc63a91de8aa,
        type: 3}
      propertyPath: m_LocalPosition.z
      value: 0
      objectReference: {fileID: 0}
    - target: {fileID: 6665641505423636029, guid: 822c6a020ca7b7b4bb16fc63a91de8aa,
        type: 3}
      propertyPath: m_LocalRotation.x
      value: -0
      objectReference: {fileID: 0}
    - target: {fileID: 6665641505423636029, guid: 822c6a020ca7b7b4bb16fc63a91de8aa,
        type: 3}
      propertyPath: m_LocalRotation.y
      value: -0
      objectReference: {fileID: 0}
    - target: {fileID: 6665641505423636029, guid: 822c6a020ca7b7b4bb16fc63a91de8aa,
        type: 3}
      propertyPath: m_LocalRotation.z
      value: -0
      objectReference: {fileID: 0}
    - target: {fileID: 6665641505423636029, guid: 822c6a020ca7b7b4bb16fc63a91de8aa,
        type: 3}
      propertyPath: m_LocalRotation.w
      value: 1
      objectReference: {fileID: 0}
    - target: {fileID: 6665641505423636029, guid: 822c6a020ca7b7b4bb16fc63a91de8aa,
        type: 3}
      propertyPath: m_RootOrder
      value: 0
      objectReference: {fileID: 0}
    - target: {fileID: 6665641505423636029, guid: 822c6a020ca7b7b4bb16fc63a91de8aa,
        type: 3}
      propertyPath: m_LocalEulerAnglesHint.x
      value: 0
      objectReference: {fileID: 0}
    - target: {fileID: 6665641505423636029, guid: 822c6a020ca7b7b4bb16fc63a91de8aa,
        type: 3}
      propertyPath: m_LocalEulerAnglesHint.y
      value: 0
      objectReference: {fileID: 0}
    - target: {fileID: 6665641505423636029, guid: 822c6a020ca7b7b4bb16fc63a91de8aa,
        type: 3}
      propertyPath: m_LocalEulerAnglesHint.z
      value: 0
      objectReference: {fileID: 0}
    - target: {fileID: 6665641505423636029, guid: 822c6a020ca7b7b4bb16fc63a91de8aa,
        type: 3}
      propertyPath: m_LocalScale.x
      value: 0.066340595
      objectReference: {fileID: 0}
    - target: {fileID: 6665641505423636029, guid: 822c6a020ca7b7b4bb16fc63a91de8aa,
        type: 3}
      propertyPath: m_LocalScale.y
      value: 0.066340595
      objectReference: {fileID: 0}
    - target: {fileID: 6665641505423636029, guid: 822c6a020ca7b7b4bb16fc63a91de8aa,
        type: 3}
      propertyPath: m_LocalScale.z
      value: 0.066340595
      objectReference: {fileID: 0}
    m_RemovedComponents: []
  m_SourcePrefab: {fileID: 100100000, guid: 822c6a020ca7b7b4bb16fc63a91de8aa, type: 3}
--- !u!4 &4413940707658004415 stripped
Transform:
  m_CorrespondingSourceObject: {fileID: 6665641505423636029, guid: 822c6a020ca7b7b4bb16fc63a91de8aa,
    type: 3}
  m_PrefabInstance: {fileID: 7043746443042439554}
  m_PrefabAsset: {fileID: 0}
